<?xml version='1.0' encoding='UTF-8'?>
<record xmlns="http://www.loc.gov/MARC21/slim">
  <leader>02052cam a2200337 a 4500</leader>
  <controlfield tag="001">2735301</controlfield>
  <controlfield tag="003">NjP</controlfield>
  <controlfield tag="005">20171005175022.0</controlfield>
  <controlfield tag="008">810127s1941    ir            000 0 araod</controlfield>
  <datafield tag="024" ind1="7" ind2=" ">
    <subfield code="a">princeton_aco003143</subfield>
    <subfield code="2">local</subfield>
  </datafield>
  <datafield ind1=" " ind2=" " tag="035">
    <subfield code="a">(OCoLC)ocn177976953</subfield>
  </datafield>
  <datafield ind1=" " ind2=" " tag="035">
    <subfield code="a">(OCoLC)ocm07086200</subfield>
  </datafield>
  <datafield ind1=" " ind2=" " tag="035">
    <subfield code="a">(OCoLC)177976953</subfield>
  </datafield>
  <datafield ind1=" " ind2=" " tag="035">
    <subfield code="9">CNC3069TS</subfield>
  </datafield>
  <datafield ind1=" " ind2=" " tag="035">
    <subfield code="a">(NjP)2735301</subfield>
  </datafield>
  <datafield ind1=" " ind2=" " tag="040">
    <subfield code="a">WAU</subfield>
    <subfield code="c">PUL</subfield>
    <subfield code="d">PUL</subfield>
  </datafield>
  <datafield ind1=" " ind2=" " tag="049">
    <subfield code="a">PULL</subfield>
  </datafield>
  <datafield ind1=" " ind2=" " tag="079">
    <subfield code="a">ocm07086200</subfield>
  </datafield>
  <datafield ind1="1" ind2=" " tag="100">
    <subfield code="6">880-01</subfield>
    <subfield code="a">Shāhābādī, Mīrzā Muḥammad ʻAlī.</subfield>
  </datafield>
  <datafield ind1="1" ind2="0" tag="245">
    <subfield code="6">880-02</subfield>
    <subfield code="a">Hādhihi rashaḥāt al-bukhār wa-qabsāt al-anwār :</subfield>
    <subfield code="b">wa-ṭulaʻāt al-asrār wa-qarārat al-abṣār wa-maḥaṭṭ al-afkār wa-khulāṣat al-kutub wa-al-asfār wa-sulālat al-ḥukm wa-jāmiʻat al-kalim min nafaḥāt anfās al-ʻalāmah /</subfield>
    <subfield code="c">Ḥujjat al-Islām Āyat Allāh fī al-anāmir Mawlānā al-Aqā Mīrzā Muḥammad ʻAlī al-shahīr bi-al-Shāhābādī al-Iṣfahānī.</subfield>
  </datafield>
  <datafield ind1=" " ind2=" " tag="260">
    <subfield code="6">880-03</subfield>
    <subfield code="a">Ṭihrān :</subfield>
    <subfield code="b">[s.n.],</subfield>
    <subfield code="c">1360 [1941].</subfield>
  </datafield>
  <datafield ind1=" " ind2=" " tag="300">
    <subfield code="a">192 p. ;</subfield>
    <subfield code="c">21 cm.</subfield>
  </datafield>
  <datafield ind1=" " ind2="0" tag="650">
    <subfield code="a">Sufism.</subfield>
    <subfield code="0">http://id.loc.gov/authorities/subjects/sh85129660</subfield>
  </datafield>
  <datafield ind1=" " ind2="0" tag="650">
    <subfield code="a">Religious life</subfield>
    <subfield code="x">Islam</subfield>
    <subfield code="0">http://id.loc.gov/authorities/subjects/sh85112674</subfield>
  </datafield>
  <datafield ind1="0" ind2=" " tag="740">
    <subfield code="6">880-04</subfield>
    <subfield code="a">Rashaḥāt al-bukhār wa-qabsāt al-anwār.</subfield>
  </datafield>
  <datafield ind1="1" ind2=" " tag="880">
    <subfield code="6">100-01/r</subfield>
    <subfield code="a">شاهابادي، ميرزا محمد علي.</subfield>
  </datafield>
  <datafield ind1="1" ind2="0" tag="880">
    <subfield code="6">245-02/r</subfield>
    <subfield code="a">هذه رشحات البخار وقبسات الانوار :</subfield>
    <subfield code="b">وطلعات الاسرار وقرارة الابصار ومحط الافكار وخلاصة الكتب والاسفار وسلالة الحكم وجامعة الكلم من نفحات انفاس العلامة /</subfield>
    <subfield code="c">حجة الاسلام آية الله في الانامر مولانا الاقا ميرزا محمد علي الشهير بالشاهابادي الاصفهاني.</subfield>
  </datafield>
  <datafield ind1=" " ind2=" " tag="880">
    <subfield code="6">260-03/r</subfield>
    <subfield code="a">طهران :</subfield>
    <subfield code="b">[s.n.]،</subfield>
    <subfield code="c">1360 [1941].</subfield>
  </datafield>
  <datafield ind1="0" ind2=" " tag="880">
    <subfield code="6">740-04/r</subfield>
    <subfield code="a">رشحات البخار وقبسات الانوار.</subfield>
  </datafield>
  <datafield ind1=" " ind2=" " tag="911">
    <subfield code="a">20000130</subfield>
  </datafield>
  <datafield ind1=" " ind2=" " tag="994">
    <subfield code="a">C0</subfield>
    <subfield code="b">PUL</subfield>
  </datafield>
  <datafield ind1=" " ind2=" " tag="999">
    <subfield code="a">2735301</subfield>
  </datafield>
  <datafield ind1="0" ind2="0" tag="852">
    <subfield code="0">3045855</subfield>
    <subfield code="b">rcppa</subfield>
    <subfield code="t">1</subfield>
    <subfield code="h">BP189</subfield>
    <subfield code="i">.S534 1941</subfield>
    <subfield code="x">tr fr nec</subfield>
  </datafield>
  <datafield ind1=" " ind2=" " tag="959">
    <subfield code="a">2009-07-01 15:59:12 -0400</subfield>
  </datafield>
</record>
